@article{Wen2005,
    author =       "Wen, Q. and Chklovskii, D. B.",
    title =        "Segregation of the Brain into Gray and White Matter: A Design Minimizing Conduction Delays",
    journal =      "PLOS Computational Biology",
    year =         "2005",
    DOI =          "https://doi.org/10.1371/journal.pcbi.0010078"
}

@article{doi:10.1146/annurev.psych.56.091103.070311,
    author = {Friston, Karl J.},
    title = {Models of Brain Function in Neuroimaging},
    journal = {Annual Review of Psychology},
    volume = {56},
    number = {1},
    pages = {57-87},
    year = {2005},
    doi = {10.1146/annurev.psych.56.091103.070311}
}

@book{Swanson2003,
    author    = "Larry W. Swanson",
    title     = "Brain Architecture",
    year      = "2003",
    publisher = "Oxford University Press",
    ISBN      = "978-0195378580"
}

@book{Sporns2010,
    author    = "Olaf Sporns",
    title     = "Networks of the Brain",
    year      = "2010",
    publisher = "MIT Press"
}

@book{Jirsa2007,
    author    = "Viktor K. Jirsa and AR McIntosh",
    title     = "Handbook of Brain Connectivity",
    year      = "2007",
    publisher = "Springer, Berlin, Heidelberg",
    DOI       = "https://doi.org/10.1007/978-3-540-71512-2"
}

@article {Tononi5033,
	author = {Tononi, G and Sporns, O and Edelman, G M},
	title = {A measure for brain complexity: relating functional segregation and integration in the nervous system},
	volume = {91},
	number = {11},
	pages = {5033--5037},
	year = {1994},
	doi = {10.1073/pnas.91.11.5033},
	publisher = {National Academy of Sciences},
	issn = {0027-8424},
	journal = {Proceedings of the National Academy of Sciences}
}

@article {Massimini2228,
	author = {Massimini, Marcello and Ferrarelli, Fabio and Huber, Reto and Esser, Steve K. and Singh, Harpreet and Tononi, Giulio},
	title = {Breakdown of Cortical Effective Connectivity During Sleep},
	volume = {309},
	number = {5744},
	pages = {2228--2232},
	year = {2005},
	doi = {10.1126/science.1117256},
	publisher = {American Association for the Advancement of Science},
	journal = {Science}
}
